@article{sample,
  title={Combining CNN and Classical Algorithms for Music Genre Classification},
  author={Li, Haojun and Xue, Siqi and Zhang, Jialun}
}

@article{million,
  title={The million song dataset},
  author={Bertin-Mahieux, Thierry and Ellis, Daniel PW and Whitman, Brian and Lamere, Paul},
  year={2011}
}

@article{gtzan,
  title={Musical genre classification of audio signals},
  author={Tzanetakis, George and Cook, Perry},
  journal={IEEE Transactions on speech and audio processing},
  volume={10},
  number={5},
  pages={293--302},
  year={2002},
  publisher={IEEE}
}

@inproceedings{gtzan_anal,
  title={An analysis of the GTZAN music genre dataset},
  author={Sturm, Bob L},
  booktitle={Proceedings of the second international ACM workshop on Music information retrieval with user-centered and multimodal strategies},
  pages={7--12},
  year={2012},
  organization={ACM}
}

@article{gtzan_art,
	title={GTZAN Genre Collection},
	author={Jakob Leben},
	address={http://marsyas.info/downloads/datasets.html},
	year={2015}
}
